@article{jordan2002discriminative,
  title={On discriminative vs. generative classifiers: A comparison of logistic regression and naive bayes},
  author={Andrew Ng, A Jordan},
  journal={Advances in neural information processing systems},
  volume={14},
  pages={841},
  year={2002}
}
@misc{noah2004,
  title={Log-Linear Models},
  author={Noah A. Smith},
  year={2004}
}
@misc{roni2013,
  title={\mbox{CMU} Course 11-761 Language and Statistics},
  author={R. Rosenfeld},
  year={2013}
}
@article{minka2005discriminative,
  title={Discriminative models, not discriminative training},
  author={Minka, Tom},
  journal={Microsoft Research Cambridge, Tech. Rep. TR-2005},
  volume={144},
  year={2005}
}
@article{bishop2007generative,
  title={Generative or discriminative? Getting the best of both worlds},
  author={Bishop, Christopher M and Lasserre, Julia and others},
  journal={Bayesian Statistics},
  volume={8},
  pages={3--23},
  year={2007},
  publisher={Oxford University Press, London}
}

